@Book{mlr3book,
  title = {mlr3book},
  author = {Marc Becker, et al},
  url = {https://mlr3book.mlr-org.com},
  year = {2022},
  month = {11},
  day = {04},
}

@book{rajpurkar2021deep,
  title={Deep Learning for Medical Image Interpretation},
  author={Rajpurkar, Pranav Samir},
  year={2021},
  publisher={Stanford University}
}

@book{molnar2022,
  title      = {Interpretable Machine Learning},
  author     = {Christoph Molnar},
  year       = {2022},
  subtitle   = {A Guide for Making Black Box Models Explainable},
  edition    = {2},
  url        = {https://christophm.github.io/interpretable-ml-book}
}

@article{stevens,
  title={Recommendations for reporting machine learning analyses in clinical research},
  author={Stevens, Laura M and Mortazavi, Bobak J and Deo, Rahul C and Curtis, Lesley and Kao, David P},
  journal={Circulation: Cardiovascular Quality and Outcomes},
  volume={13},
  number={10},
  pages={e006556},
  year={2020},
  publisher={Am Heart Assoc}
}

@article{lundberg,
  title={Explainable machine-learning predictions for the prevention of hypoxaemia during surgery},
  author={Lundberg, Scott M and Nair, Bala and Vavilala, Monica S and Horibe, Mayumi and Eisses, Michael J and Adams, Trevor and Liston, David E and Low, Daniel King-Wai and Newman, Shu-Fang and Kim, Jerry and others},
  journal={Nature biomedical engineering},
  volume={2},
  number={10},
  pages={749--760},
  year={2018},
  publisher={Nature Publishing Group}
}
