@article{global,
  title={Global, regional, and national burden of epilepsy, 1990--2016: a systematic analysis for the Global Burden of Disease Study 2016},
  author={Beghi, Ettore and Giussani, Giorgia and Nichols, Emma and Abd-Allah, Foad and Abdela, Jemal and Abdelalim, Ahmed and Abraha, Haftom Niguse and Adib, Mina G and Agrawal, Sutapa and Alahdab, Fares and others},
  journal={The Lancet Neurology},
  volume={18},
  number={4},
  pages={357--375},
  year={2019},
  publisher={Elsevier}
}


@article{china,
  title={Epilepsy in China: major progress in the past two decades},
  author={Ding, Ding and Zhou, Dong and Sander, Josemir W and Wang, Wenzhi and Li, Shichuo and Hong, Zhen},
  journal={The Lancet Neurology},
  volume={20},
  number={4},
  pages={316--326},
  year={2021},
  publisher={Elsevier}
}

@article{deep,
  title={A deep learning framework for 18F-FDG PET imaging diagnosis in pediatric patients with temporal lobe epilepsy},
  author={Zhang, Qinming and Liao, Yi and Wang, Xiawan and Zhang, Teng and Feng, Jianhua and Deng, Jianing and Shi, Kexin and Chen, Lin and Feng, Liu and Ma, Mindi and others},
  journal={European journal of nuclear medicine and molecular imaging},
  volume={48},
  number={8},
  pages={2476--2485},
  year={2021},
  publisher={Springer}
}


@article{jehi,
  title={Development and validation of nomograms to provide individualised predictions of seizure outcomes after epilepsy surgery: a retrospective analysis},
  author={Jehi, Lara and Yardi, Ruta and Chagin, Kevin and Tassi, Laura and Russo, Giorgio Lo and Worrell, Gregory and Hu, Wei and Cendes, Fernando and Morita, Marcia and Bartolomei, Fabrice and others},
  journal={The Lancet Neurology},
  volume={14},
  number={3},
  pages={283--290},
  year={2015},
  publisher={Elsevier}
}


@article{image,
  title={An image-based deep learning framework for individualising radiotherapy dose: a retrospective analysis of outcome prediction},
  author={Lou, Bin and Doken, Semihcan and Zhuang, Tingliang and Wingerter, Danielle and Gidwani, Mishka and Mistry, Nilesh and Ladic, Lance and Kamen, Ali and Abazeed, Mohamed E},
  journal={The Lancet Digital Health},
  volume={1},
  number={3},
  pages={e136--e147},
  year={2019},
  publisher={Elsevier}
}


@article{extra,
  title={Extrahippocampal radiomics analysis can potentially identify laterality in patients with MRI-negative temporal lobe epilepsy},
  author={Cheong, E-Nae and Park, Ji Eun and Jung, Da Eun and Shim, Woo Hyun},
  journal={Frontiers in neurology},
  volume={12},
  pages={1277},
  year={2021},
  publisher={Frontiers}
}


@article{xie2022explainable,
  title={An explainable machine learning model for predicting in-hospital amputation rate of patients with diabetic foot ulcer},
  author={Xie, Puguang and Li, Yuyao and Deng, Bo and Du, Chenzhen and Rui, Shunli and Deng, Wu and Wang, Min and Boey, Johnson and Armstrong, David G and Ma, Yu and others},
  journal={International Wound Journal},
  volume={19},
  number={4},
  pages={910--918},
  year={2022},
  publisher={Wiley Online Library}
}