@article{sweeney2013automatic,
  title={Automatic lesion incidence estimation and detection in multiple sclerosis using multisequence longitudinal MRI},
  author={Sweeney, EM and Shinohara, RT and Shea, CD and Reich, DS and Crainiceanu, CM},
  journal={American Journal of Neuroradiology},
  volume={34},
  number={1},
  pages={68--73},
  year={2013},
  publisher={Am Soc Neuroradiology}
}

@article{muschelli2015fslr,
  title={fslr: Connecting the FSL Software with R},
  author={Muschelli, John and Sweeney, Elizabeth and Lindquist, Martin and Crainiceanu, Ciprian},
  journal={The R Journal},
  volume={7},
  number={1},
  pages={163--175},
  year={2015}
}